<?xml version="1.0" encoding="UTF-8"?><record xmlns="http://www.loc.gov/MARC21/slim" xmlns:cinclude="http://apache.org/cocoon/include/1.0" xmlns:zs="http://www.loc.gov/zing/srw/">
  <leader>00916nz  a2200181n  4500</leader>
  <controlfield tag="001">no2015157806</controlfield>
  <controlfield tag="003">DLC</controlfield>
  <controlfield tag="005">20151126073528.0</controlfield>
  <controlfield tag="008">151125n| azannaabn          |a ana     c</controlfield>
  <datafield tag="010" ind1=" " ind2=" ">
    <subfield code="a">no2015157806</subfield>
  </datafield>
  <datafield tag="035" ind1=" " ind2=" ">
    <subfield code="a">(OCoLC)oca10329597</subfield>
  </datafield>
  <datafield tag="040" ind1=" " ind2=" ">
    <subfield code="a">NcU</subfield>
    <subfield code="b">eng</subfield>
    <subfield code="e">rda</subfield>
    <subfield code="c">NcU</subfield>
  </datafield>
  <datafield tag="110" ind1="2" ind2=" ">
    <subfield code="a">Firestone Fibers &amp; Textiles Company</subfield>
  </datafield>
  <datafield tag="371" ind1=" " ind2=" ">
    <subfield code="a">P.O. Box 1278</subfield>
    <subfield code="b">Gastonia</subfield>
    <subfield code="c">North Carolina</subfield>
    <subfield code="d">United States</subfield>
    <subfield code="e">28052</subfield>
  </datafield>
  <datafield tag="510" ind1="2" ind2=" ">
    <subfield code="w">r</subfield>
    <subfield code="i">Hierarchical superior:</subfield>
    <subfield code="a">Firestone Tire and Rubber Company</subfield>
  </datafield>
  <datafield tag="510" ind1="2" ind2=" ">
    <subfield code="w">r</subfield>
    <subfield code="i">Predecessor:</subfield>
    <subfield code="a">Firestone Textiles (Gastonia, N.C.)</subfield>
  </datafield>
  <datafield tag="670" ind1=" " ind2=" ">
    <subfield code="a">Firestone news, September 1981:</subfield>
    <subfield code="b">caption (Firestone Fibers &amp; Textiles Company, Gastonia, North Carolina) masthead (a division of the Firestone Tire &amp; Rubber Company, Akron, Ohio) mailing label (Firestone Fibers &amp; Textiles Company, P.O. Box 1278, Gastonia, N.C. 28052)</subfield>
  </datafield>
  <datafield tag="675" ind1=" " ind2=" ">
    <subfield code="a">Firestone news, August 1981: caption (Firestone Textiles Company, Gastonia, North Carolina)</subfield>
  </datafield>
</record>